<record xmlns="http://www.loc.gov/MARC21/slim" xmlns:xsi="http://www.w3.org/2001/XMLSchema-instance" xsi:schemaLocation="http://www.loc.gov/MARC21/slim http://www.loc.gov/standards/marcxml/schema/MARC21slim.xsd"><leader>01297cz   2200349n  4500</leader><controlfield tag="001">oca00275519 </controlfield><controlfield tag="005">20010810165546.0</controlfield><controlfield tag="008">790502n| acannaabn           a aaa      </controlfield><datafield ind1=" " ind2=" " tag="010"><subfield code="a">n  79042075 </subfield></datafield><datafield ind1=" " ind2=" " tag="040"><subfield code="a">DLC</subfield><subfield code="b">eng</subfield><subfield code="c">DLC</subfield><subfield code="d">DLC</subfield><subfield code="d">MdU</subfield><subfield code="d">CSmH</subfield><subfield code="d">OCoLC</subfield><subfield code="d">DLC</subfield></datafield><datafield ind1="0" ind2=" " tag="100"><subfield code="a">Pliny,</subfield><subfield code="c">the Elder</subfield></datafield><datafield ind1="1" ind2=" " tag="400"><subfield code="a">PliniiÌ&#x86; StarshiiÌ&#x86;, GaiÌ&#x86; Sekund</subfield></datafield><datafield ind1="0" ind2=" " tag="400"><subfield code="a">GaiÌ&#x86; PliniiÌ&#x86; Sekund StarshiiÌ&#x86;</subfield></datafield><datafield ind1="0" ind2=" " tag="400"><subfield code="a">PliniiÌ&#x86;</subfield></datafield><datafield ind1="0" ind2=" " tag="400"><subfield code="a">Gaius Plinius Secundus</subfield></datafield><datafield ind1="1" ind2=" " tag="400"><subfield code="a">Plinius Secundus, C.</subfield><subfield code="w">nna</subfield></datafield><datafield ind1="1" ind2=" " tag="400"><subfield code="a">Secundus, Gaius Plinius</subfield></datafield><datafield ind1="0" ind2=" " tag="400"><subfield code="a">Cayo Plinio Segundo</subfield></datafield><datafield ind1="1" ind2=" " tag="400"><subfield code="a">Plinio Segundo, Cayo</subfield></datafield><datafield ind1="1" ind2=" " tag="400"><subfield code="a">Segundo, Cayo Plinio</subfield></datafield><datafield ind1="0" ind2=" " tag="400"><subfield code="a">Plinio,</subfield><subfield code="c">el Viejo</subfield></datafield><datafield ind1="0" ind2=" " tag="400"><subfield code="a">Plinio,</subfield><subfield code="c">il Vecchio</subfield></datafield><datafield ind1="1" ind2=" " tag="400"><subfield code="a">Plinius Secundus, C.</subfield><subfield code="q">(Cais)</subfield></datafield><datafield ind1="1" ind2=" " tag="400"><subfield code="a">Secundus, C. Plinius</subfield><subfield code="q">(Cais Plinius)</subfield></datafield><datafield ind1="1" ind2=" " tag="400"><subfield code="a">Secundus, Cais Plinius</subfield></datafield><datafield ind1="0" ind2=" " tag="400"><subfield code="a">Plinius Secundus</subfield><subfield code="c">d. AÌ&#x88;</subfield></datafield><datafield ind1="0" ind2=" " tag="400"><subfield code="a">Plinius Secundus</subfield><subfield code="c">der AÌ&#x88;ltere</subfield></datafield><datafield ind1=" " ind2=" " tag="670"><subfield code="a">Woodruff, U. Inventorum natura, c1979:</subfield><subfield code="b">p. 126 (Gaius Plinius Secundus)</subfield></datafield><datafield ind1=" " ind2=" " tag="670"><subfield code="a">His Historia natural de Cayo Plinio Segundo, 1976:</subfield><subfield code="b">v. 2, pt. 2, p. 5 (Plinio el Viejo)</subfield></datafield><datafield ind1=" " ind2=" " tag="670"><subfield code="a">Plinio il Vecchio, 1983.</subfield></datafield><datafield ind1=" " ind2=" " tag="670"><subfield code="a">His The historie of the world, 1601:</subfield><subfield code="b">t.p. (C. Plinius Secundus)</subfield></datafield><datafield ind1=" " ind2=" " tag="670"><subfield code="a">UÌ&#x88;ber Glas und Metalle, 2000:</subfield><subfield code="b">t.p. (Plinius Secundus d.AÌ&#x88;.)</subfield></datafield></record>